<?xml version="1.0" encoding="UTF-8"?><collection xmlns="http://www.loc.gov/MARC21/slim"><record><leader>00418nam--2200145-i-4500</leader><controlfield tag="001">000046938</controlfield><controlfield tag="002">20161230</controlfield><controlfield tag="005">20161230201046</controlfield><controlfield tag="008">060222s1000------------r-----000-0-eng-d</controlfield><datafield ind1=" " ind2=" " tag="080"><subfield code="a">539.186</subfield></datafield><datafield ind1=" " ind2=" " tag="100"><subfield code="a">Watanabe, Hiroshi</subfield></datafield><datafield ind1=" " ind2=" " tag="245"><subfield code="a">Operator methods in ligand field theory</subfield></datafield><datafield ind1=" " ind2=" " tag="260"><subfield code="a">Englewood Cliffs, Prentice-hall, Inc., 1966, Ix+193p</subfield></datafield><datafield ind1=" " ind2=" " tag="490"><subfield code="a">Prentice-hall International Series In Chemistry</subfield></datafield><datafield ind1=" " ind2=" " tag="852"><subfield code="a">27005</subfield></datafield></record></collection>